@book{	aurelio,
	author 		= {Aurelio Marinho Jargas},
	title 		= {Expressões Regulares - Uma abordagem Divertida},
	publisher 	= {Novatec},
	address 	= {www.aurelio.net},
	year 		= {2012},
	edition		= 4,
	note 		= {Obrigado Aurelio por apresentar esse mundo bem louco e empolgante do software livre, por me fazer se apaixonar por shell script, vim e regex. SÉDimais (você é demais!).}
}

@book{	hopcroft,
	title 		= {Introduction to Automata Theory Languages and Computation},
	author 		= {John Hopcroft and Jeffrey Ullman and Rajeev Motwani},
	edition 	= 2,
	year 		= 2001,
	publisher 	= {Pearson Education},
}
